<record><leader>00000cas a22000007a 4500</leader><controlfield tag="001">16876673</controlfield><controlfield tag="008">871020d190u1923nyuwr ne      0    0eng d</controlfield><datafield ind1=" " ind2=" " tag="010"><subfield code="a">sn 87070303 </subfield></datafield><datafield ind1=" " ind2=" " tag="040"><subfield code="a">NYS</subfield><subfield code="b">eng</subfield><subfield code="c">NYS</subfield><subfield code="d">NYG</subfield><subfield code="d">NYS</subfield><subfield code="d">OCLCQ</subfield></datafield><datafield ind1=" " ind2=" " tag="042"><subfield code="a">msc</subfield></datafield><datafield ind1="0" ind2="4" tag="245"><subfield code="a">The Fort Edward advertiser.</subfield></datafield><datafield ind1=" " ind2=" " tag="260"><subfield code="a">Fort Edward, N.Y. :</subfield><subfield code="b">A.H. Bunnell</subfield></datafield><datafield ind1=" " ind2=" " tag="300"><subfield code="a">v.</subfield></datafield><datafield ind1=" " ind2=" " tag="310"><subfield code="a">Weekly</subfield></datafield><datafield ind1="1" ind2=" " tag="362"><subfield code="a">Ceased in 1923?</subfield></datafield><datafield ind1=" " ind2=" " tag="588"><subfield code="a">Description based on: Vol. 27, no. 5 (Oct. 12, 1905).</subfield></datafield><datafield ind1=" " ind2="4" tag="651"><subfield code="a">Fort Edward (N.Y.)</subfield><subfield code="v">Newspapers.</subfield></datafield><datafield ind1=" " ind2=" " tag="752"><subfield code="a">United States</subfield><subfield code="b">New York</subfield><subfield code="c">Washington</subfield><subfield code="d">Fort Edward.</subfield></datafield><datafield ind1="0" ind2="0" tag="780"><subfield code="t">Washington County advertiser</subfield><subfield code="w">(DLC)sn 87070275</subfield></datafield><datafield ind1="0" ind2="4" tag="785"><subfield code="t">Greenwich journal (Greenwich, N.Y. : 1896)</subfield><subfield code="w">(DLC)sn 84031457</subfield></datafield><datafield ind1="1" ind2=" " tag="029"><subfield code="a">AU@</subfield><subfield code="b">000025795915</subfield></datafield></record>